% So sieht der Biblatex Eintag für eine Abschlussarbeit aus:
@thesis{ma-sebastian,
author = {Müller, Sebastian},
title = {Clear Sight in Cherenkov-Astronomy},
subtitle = {Investigations of Reflector Geometry and Mirror Alignment for the FACT-Telescope},
year = {2014},
type = {Masterarbeit},
school = {TU Dortmund}
}

% ein Lehrbuch:
@book{kuypers,
    author = {Kuypers, Friedhelm},
    title = {Klassische Mechanik},
    year = {2010},
    publisher = {Wiley-VCH},
    series = {9. Auflage}
}

@BOOK{handbook_adhesives,
  editor =       {Satas, D.},
  TITLE =        {Handbook of pressure sensitive adhesive technology},
  PUBLISHER =    {Van Nostrand Reinhold},
  YEAR =         {1989},
  address =      {New York},
  edition =      {2nd},
}


% Ein in einem Journal veröffentlichter Artikel (Paper):
@article{pdg,
      author         = "Beringer, J. and others",
      title          = "{Review of Particle Physics (RPP)}",
      collaboration  = "Particle Data Group",
      journal        = "Phys.Rev.",
      volume         = "D86",
      pages          = "010001",
      doi            = "10.1103/PhysRevD.86.010001",
      year           = "2012",
      SLACcitation   = "%%CITATION = PHRVA,D86,010001;%%",
}

@ARTICLE{einstein,
  author = {Einstein, A.},
  title = {A Generalization of the relativistic theory of Gravitation},
  journal = {Annals of Mathematics},
  year = {1945},
  volume = {46},
  pages = {578-584},
  number = {4}
  }

% eine Internet Quelle
@MANUAL{siunitx,
    title   = {siunitx - A comprehensive (SI) units package},
    url = {http://mirror.selfnet.de/tex-archive/macros/latex/contrib/siunitx/siunitx.pdf},
    date = {2013},
    author = {Wright, Joseph}
}
@MANUAL{koma,
    title   = {KOMA -Script},
    subtitle = {ein wandelbares LaTeX-Paket},
    url = {http://mirror.selfnet.de/tex-archive/macros/latex/contrib/koma-script/doc/scrguide.pdf},
    date = {2013},
    author = {Kohm, Markus and Morawski, Jens-Uwe}
}
@MANUAL{biblatex,
    title   = {The Biblatex Package},
    subtitle = {Programmable Bibliographies and Citations},
    url = {ftp://ftp.fu-berlin.de/tex/CTAN/macros/latex/contrib/biblatex/doc/biblatex.pdf},
    date = {2014},
    author = {Lehman, Philipp and others}
}
@ELECTRONIC{make,
    title   = {Gnu-Make Homepage},
    url = {http://www.gnu.org/software/make/},
    date = {2014},
}
@ELECTRONIC{toolbox,
    title   = {Pep et al.\ Toolbox -- \LaTeX-Folien},
    url = {http://toolbox.pep-dortmund.org/files/archive/2014/latex.pdf},
    date = {2014},
}
@ELECTRONIC{gitbash,
    title   = {Git Bash - Download},
    url = {http://msysgit.github.io/},
    date = {2014},
}
@ELECTRONIC{pleser,
    title   = {Modern Packages for LaTeX},
    url = {http://philippleser.de/physics/latex},
    date = {2014},
    author = {Leser, Philipp}
}
@MANUAL{l2tabu,
    title   = {Das LATEX2ε-Sündenregister},
    author = {Ensenbach, Marc and Trettin, Mark},
    url = {ftp://ftp.mpi-sb.mpg.de/pub/tex/mirror/ftp.dante.de/pub/tex/info/l2tabu/german/l2tabu.pdf},
    date = {2011},
}
@ELECTRONIC{texmaker,
    title   = {Texmaker},
    subtitle =  {The universal LaTeX editor, Downloads},
    url = {http://www.xm1math.net/texmaker/download.html},
    date = {2014},
}


@article{Bigi2017441,
title = "A fresh look at the determination of $\lvert V_{cb}|$ from $B \to D l \nu$ ",
journal = "Physics Letters B ",
volume = "769",
number = "",
pages = "441 - 445",
year = "2017",
note = "",
issn = "0370-2693",
doi = "https://doi.org/10.1016/j.physletb.2017.04.022",
url = "http://www.sciencedirect.com/science/article/pii/S0370269317302964",
author = "Dante Bigi and Paolo Gambino and Stefan Schacht"
}


@article{PhysRevD.94.094008,
  title = {Revisiting $B\ensuremath{\rightarrow}D\ensuremath{\ell}\ensuremath{\nu}$},
  author = {Bigi, Dante and Gambino, Paolo},
  journal = {Phys. Rev. D},
  volume = {94},
  issue = {9},
  pages = {094008},
  numpages = {11},
  year = {2016},
  month = {Nov},
  publisher = {American Physical Society},
  doi = {10.1103/PhysRevD.94.094008},
  url = {https://link.aps.org/doi/10.1103/PhysRevD.94.094008}
}

@article{PhysRevD.92.034506,
  title = {$B\ensuremath{\rightarrow}D\ensuremath{\ell}\ensuremath{\nu}$},
  author = {Bailey, Jon A. and Bazavov, A. and Bernard, C. and Bouchard, C. M. and DeTar, C. and Du, Daping and El-Khadra, A. X. and Foley, J. and Freeland, E. D. and G\'amiz, E. and Gottlieb, Steven and Heller, U. M. and Komijani, J. and Kronfeld, A. S. and Laiho, J. and Levkova, L. and Mackenzie, P. B. and Neil, E. T. and Qiu, Si-Wei and Simone, J. and Sugar, R. and Toussaint, D. and Van de Water, R. S. and Zhou, Ran},
  collaboration = {Fermilab Lattice and MILC Collaborations},
  journal = {Phys. Rev. D},
  volume = {92},
  issue = {3},
  pages = {034506},
  numpages = {31},
  year = {2015},
  month = {Aug},
  publisher = {American Physical Society},
  doi = {10.1103/PhysRevD.92.034506},
  url = {https://link.aps.org/doi/10.1103/PhysRevD.92.034506}
}

@article{PhysRevD.79.013008,
  title = {Model-independent description of $B\ensuremath{\rightarrow}\ensuremath{\pi}l\ensuremath{\nu}$ decays and a determination of $|{V}_{ub}|$},
  author = {Bourrely, Claude and Lellouch, Laurent and Caprini, Irinel},
  journal = {Phys. Rev. D},
  volume = {79},
  issue = {1},
  pages = {013008},
  numpages = {11},
  year = {2009},
  month = {Jan},
  publisher = {American Physical Society},
  doi = {10.1103/PhysRevD.79.013008},
  url = {https://link.aps.org/doi/10.1103/PhysRevD.79.013008}
}

@MANUAL{tikzfeynman,
    title   = {TikZ-Feynman: Feynman diagrams with TikZ},
    url = {https://arxiv.org/abs/1601.05437},
    date = {2016},
    author = {Ellis, Joshua}
}

@Misc{scipy,
  author =    {Eric Jones and Travis Oliphant and Pearu Peterson and others},
  title =     {{SciPy}: Open source scientific tools for {Python}},
  year =      {2001--},
  url = "http://www.scipy.org/",
}

@article{PhysRevLett.109.101802,
  title = {Evidence for an Excess of $\overline{B}\ensuremath{\rightarrow}{D}^{(*)}{\ensuremath{\tau}}^{\ensuremath{-}}{\overline{\ensuremath{\nu}}}_{\ensuremath{\tau}}$ Decays},
  author = {Lees, J. P. and Poireau, V. and Tisserand, V. and Garra Tico, J. and Grauges, E. and Palano, A. and Eigen, G. and Stugu, B. and Brown, D. N. and Kerth, L. T. and Kolomensky, Yu. G. and Lynch, G. and Koch, H. and Schroeder, T. and Asgeirsson, D. J. and Hearty, C. and Mattison, T. S. and McKenna, J. A. and So, R. Y. and Khan, A. and Blinov, V. E. and Buzykaev, A. R. and Druzhinin, V. P. and Golubev, V. B. and Kravchenko, E. A. and Onuchin, A. P. and Serednyakov, S. I. and Skovpen, Yu. I. and Solodov, E. P. and Todyshev, K. Yu. and Yushkov, A. N. and Bondioli, M. and Kirkby, D. and Lankford, A. J. and Mandelkern, M. and Atmacan, H. and Gary, J. W. and Liu, F. and Long, O. and Vitug, G. M. and Campagnari, C. and Hong, T. M. and Kovalskyi, D. and Richman, J. D. and West, C. A. and Eisner, A. M. and Kroseberg, J. and Lockman, W. S. and Martinez, A. J. and Schumm, B. A. and Seiden, A. and Chao, D. S. and Cheng, C. H. and Echenard, B. and Flood, K. T. and Hitlin, D. G. and Ongmongkolkul, P. and Porter, F. C. and Rakitin, A. Y. and Andreassen, R. and Huard, Z. and Meadows, B. T. and Sokoloff, M. D. and Sun, L. and Bloom, P. C. and Ford, W. T. and Gaz, A. and Nauenberg, U. and Smith, J. G. and Wagner, S. R. and Ayad, R. and Toki, W. H. and Spaan, B. and Schubert, K. R. and Schwierz, R. and Bernard, D. and Verderi, M. and Clark, P. J. and Playfer, S. and Bettoni, D. and Bozzi, C. and Calabrese, R. and Cibinetto, G. and Fioravanti, E. and Garzia, I. and Luppi, E. and Munerato, M. and Piemontese, L. and Santoro, V. and Baldini-Ferroli, R. and Calcaterra, A. and de Sangro, R. and Finocchiaro, G. and Patteri, P. and Peruzzi, I. M. and Piccolo, M. and Rama, M. and Zallo, A. and Contri, R. and Guido, E. and Lo Vetere, M. and Monge, M. R. and Passaggio, S. and Patrignani, C. and Robutti, E. and Bhuyan, B. and Prasad, V. and Lee, C. L. and Morii, M. and Edwards, A. J. and Adametz, A. and Uwer, U. and Lacker, H. M. and Lueck, T. and Dauncey, P. D. and Mallik, U. and Chen, C. and Cochran, J. and Meyer, W. T. and Prell, S. and Rubin, A. E. and Gritsan, A. V. and Guo, Z. J. and Arnaud, N. and Davier, M. and Derkach, D. and Grosdidier, G. and Le Diberder, F. and Lutz, A. M. and Malaescu, B. and Roudeau, P. and Schune, M. H. and Stocchi, A. and Wormser, G. and Lange, D. J. and Wright, D. M. and Chavez, C. A. and Coleman, J. P. and Fry, J. R. and Gabathuler, E. and Hutchcroft, D. E. and Payne, D. J. and Touramanis, C. and Bevan, A. J. and Di Lodovico, F. and Sacco, R. and Sigamani, M. and Cowan, G. and Brown, D. N. and Davis, C. L. and Denig, A. G. and Fritsch, M. and Gradl, W. and Griessinger, K. and Hafner, A. and Prencipe, E. and Barlow, R. J. and Jackson, G. and Lafferty, G. D. and Behn, E. and Cenci, R. and Hamilton, B. and Jawahery, A. and Roberts, D. A. and Dallapiccola, C. and Cowan, R. and Dujmic, D. and Sciolla, G. and Cheaib, R. and Lindemann, D. and Patel, P. M. and Robertson, S. H. and Biassoni, P. and Neri, N. and Palombo, F. and Stracka, S. and Cremaldi, L. and Godang, R. and Kroeger, R. and Sonnek, P. and Summers, D. J. and Nguyen, X. and Simard, M. and Taras, P. and De Nardo, G. and Monorchio, D. and Onorato, G. and Sciacca, C. and Martinelli, M. and Raven, G. and Jessop, C. P. and LoSecco, J. M. and Wang, W. F. and Honscheid, K. and Kass, R. and Brau, J. and Frey, R. and Sinev, N. B. and Strom, D. and Torrence, E. and Feltresi, E. and Gagliardi, N. and Margoni, M. and Morandin, M. and Posocco, M. and Rotondo, M. and Simi, G. and Simonetto, F. and Stroili, R. and Akar, S. and Ben-Haim, E. and Bomben, M. and Bonneaud, G. R. and Briand, H. and Calderini, G. and Chauveau, J. and Hamon, O. and Leruste, Ph. and Marchiori, G. and Ocariz, J. and Sitt, S. and Biasini, M. and Manoni, E. and Pacetti, S. and Rossi, A. and Angelini, C. and Batignani, G. and Bettarini, S. and Carpinelli, M. and Casarosa, G. and Cervelli, A. and Forti, F. and Giorgi, M. A. and Lusiani, A. and Oberhof, B. and Paoloni, E. and Perez, A. and Rizzo, G. and Walsh, J. J. and Lopes Pegna, D. and Olsen, J. and Smith, A. J. S. and Telnov, A. V. and Anulli, F. and Faccini, R. and Ferrarotto, F. and Ferroni, F. and Gaspero, M. and Li Gioi, L. and Mazzoni, M. A. and Piredda, G. and B\"unger, C. and Gr\"unberg, O. and Hartmann, T. and Leddig, T. and Schr\"oder, H. and Voss, C. and Waldi, R. and Adye, T. and Olaiya, E. O. and Wilson, F. F. and Emery, S. and Hamel de Monchenault, G. and Vasseur, G. and Y\`eche, Ch. and Aston, D. and Bard, D. J. and Bartoldus, R. and Benitez, J. F. and Cartaro, C. and Convery, M. R. and Dorfan, J. and Dubois-Felsmann, G. P. and Dunwoodie, W. and Ebert, M. and Field, R. C. and Franco Sevilla, M. and Fulsom, B. G. and Gabareen, A. M. and Graham, M. T. and Grenier, P. and Hast, C. and Innes, W. R. and Kelsey, M. H. and Kim, P. and Kocian, M. L. and Leith, D. W. G. S. and Lewis, P. and Lindquist, B. and Luitz, S. and Luth, V. and Lynch, H. L. and MacFarlane, D. B. and Muller, D. R. and Neal, H. and Nelson, S. and Perl, M. and Pulliam, T. and Ratcliff, B. N. and Roodman, A. and Salnikov, A. A. and Schindler, R. H. and Snyder, A. and Su, D. and Sullivan, M. K. and Va'vra, J. and Wagner, A. P. and Wisniewski, W. J. and Wittgen, M. and Wright, D. H. and Wulsin, H. W. and Young, C. C. and Ziegler, V. and Park, W. and Purohit, M. V. and White, R. M. and Wilson, J. R. and Randle-Conde, A. and Sekula, S. J. and Bellis, M. and Burchat, P. R. and Miyashita, T. S. and Puccio, E. M. T. and Alam, M. S. and Ernst, J. A. and Gorodeisky, R. and Guttman, N. and Peimer, D. R. and Soffer, A. and Lund, P. and Spanier, S. M. and Ritchie, J. L. and Ruland, A. M. and Schwitters, R. F. and Wray, B. C. and Izen, J. M. and Lou, X. C. and Bianchi, F. and Gamba, D. and Zambito, S. and Lanceri, L. and Vitale, L. and Martinez-Vidal, F. and Oyanguren, A. and Ahmed, H. and Albert, J. and Banerjee, Sw. and Bernlochner, F. U. and Choi, H. H. F. and King, G. J. and Kowalewski, R. and Lewczuk, M. J. and Nugent, I. M. and Roney, J. M. and Sobie, R. J. and Tasneem, N. and Gershon, T. J. and Harrison, P. F. and Latham, T. E. and Band, H. R. and Dasu, S. and Pan, Y. and Prepost, R. and Wu, S. L.},
  collaboration = {BABAR Collaboration},
  journal = {Phys. Rev. Lett.},
  volume = {109},
  issue = {10},
  pages = {101802},
  numpages = {8},
  year = {2012},
  month = {Sep},
  publisher = {American Physical Society},
  doi = {10.1103/PhysRevLett.109.101802},
  url = {https://link.aps.org/doi/10.1103/PhysRevLett.109.101802}
}

@article{PhysRevD.92.072014,
  title = {Measurement of the branching ratio of $\overline{B}\ensuremath{\rightarrow}{D}^{(*)}{\ensuremath{\tau}}^{\ensuremath{-}}{\overline{\ensuremath{\nu}}}_{\ensuremath{\tau}}$ relative to $\overline{B}\ensuremath{\rightarrow}{D}^{(*)}{\ensuremath{\ell}}^{\ensuremath{-}}{\overline{\ensuremath{\nu}}}_{\ensuremath{\ell}}$ decays with hadronic tagging at Belle},
  author = {Huschle, M. and Kuhr, T. and Heck, M. and Goldenzweig, P. and Abdesselam, A. and Adachi, I. and Adamczyk, K. and Aihara, H. and Al Said, S. and Arinstein, K. and Asner, D. M. and Aushev, T. and Ayad, R. and Aziz, T. and Badhrees, I. and Bakich, A. M. and Bansal, V. and Barberio, E. and Bhardwaj, V. and Bhuyan, B. and Biswal, J. and Bobrov, A. and Bozek, A. and Bra\ifmmode \check{c}\else \v{c}\fi{}ko, M. and Browder, T. E. and \ifmmode \check{C}\else \v{C}\fi{}ervenkov, D. and Chang, P. and Chekelian, V. and Chen, A. and Cheon, B. G. and Chilikin, K. and Chistov, R. and Cho, K. and Chobanova, V. and Choi, Y. and Cinabro, D. and Dalseno, J. and Danilov, M. and Dole\ifmmode \check{z}\else \v{z}\fi{}al, Z. and Dr\'asal, Z. and Dutta, D. and Eidelman, S. and Epifanov, D. and Farhat, H. and Fast, J. E. and Ferber, T. and Frey, A. and Fulsom, B. G. and Gaur, V. and Gabyshev, N. and Garmash, A. and Gillard, R. and Glattauer, R. and Goh, Y. M. and Golob, B. and Grygier, J. and Hamer, P. and Hara, K. and Hara, T. and Hasenbusch, J. and Hayasaka, K. and Hayashii, H. and He, X. H. and Heider, M. and Heller, A. and Horiguchi, T. and Hou, W.-S. and Hsu, C.-L. and Iijima, T. and Inami, K. and Inguglia, G. and Ishikawa, A. and Itoh, R. and Iwasaki, Y. and Jaegle, I. and Joffe, D. and Joo, K. K. and Julius, T. and Kang, K. H. and Kato, E. and Katrenko, P. and Kawasaki, T. and Keck, T. and Kiesling, C. and Kim, D. Y. and Kim, H. J. and Kim, J. B. and Kim, J. H. and Kim, K. T. and Kim, M. J. and Kim, S. H. and Kim, Y. J. and Kinoshita, K. and Ko, B. R. and Kobayashi, N. and Kody\ifmmode \check{s}\else \v{s}\fi{}, P. and Korpar, S. and Kri\ifmmode \check{z}\else \v{z}\fi{}an, P. and Krokovny, P. and Kumita, T. and Kuzmin, A. and Kwon, Y.-J. and Lee, I. S. and Li, C. and Li, Y. and Li Gioi, L. and Libby, J. and Liventsev, D. and Lukin, P. and Masuda, M. and Matvienko, D. and Miyabayashi, K. and Miyake, H. and Miyata, H. and Mizuk, R. and Mohanty, G. B. and Mohanty, S. and Moll, A. and Moon, H. K. and Mussa, R. and Nakamura, K. R. and Nakano, E. and Nakao, M. and Nanut, T. and Nayak, M. and Nisar, N. K. and Nishida, S. and Ogawa, S. and Okuno, S. and Oswald, C. and Pakhlova, G. and Pal, B. and Park, C. W. and Park, H. and Pedlar, T. K. and Pes\'antez, L. and Pestotnik, R. and Petri\ifmmode \check{c}\else \v{c}\fi{}, M. and Piilonen, L. E. and Pulvermacher, C. and Ribe\ifmmode \check{z}\else \v{z}\fi{}l, E. and Ritter, M. and Rostomyan, A. and Sakai, Y. and Sandilya, S. and Santelj, L. and Sanuki, T. and Sato, Y. and Savinov, V. and Schneider, O. and Schnell, G. and Schwanda, C. and Schwartz, A. J. and Semmler, D. and Senyo, K. and Seon, O. and Sevior, M. E. and Shebalin, V. and Shen, C. P. and Shibata, T.-A. and Shiu, J.-G. and Simon, F. and Sohn, Y.-S. and Sokolov, A. and Solovieva, E. and Stani\ifmmode \check{c}\else \v{c}\fi{}, S. and Stari\ifmmode \check{c}\else \v{c}\fi{}, M. and Steder, M. and Stypula, J. and Sumihama, M. and Sumiyoshi, T. and Tamponi, U. and Teramoto, Y. and Trabelsi, K. and Trusov, V. and Uchida, M. and Uglov, T. and Uno, S. and Usov, Y. and Van Hulse, C. and Vanhoefer, P. and Varner, G. and Vinokurova, A. and Vorobyev, V. and Wagner, M. N. and Wang, C. H. and Wang, M.-Z. and Wang, P. and Wang, X. L. and Watanabe, M. and Watanabe, Y. and Won, E. and Yamamoto, H. and Yamaoka, J. and Yashchenko, S. and Ye, H. and Yook, Y. and Yuan, C. Z. and Yusa, Y. and Zhang, Z. P. and Zhilich, V. and Zhulanov, V. and Zupanc, A.},
  collaboration = {Belle Collaboration},
  journal = {Phys. Rev. D},
  volume = {92},
  issue = {7},
  pages = {072014},
  numpages = {14},
  year = {2015},
  month = {Oct},
  publisher = {American Physical Society},
  doi = {10.1103/PhysRevD.92.072014},
  url = {https://link.aps.org/doi/10.1103/PhysRevD.92.072014}
}

@article{PhysRevD.88.094012,
  title = {Testing leptoquark models in $\overline{B}\ensuremath{\rightarrow}{D}^{(*)}\ensuremath{\tau}\overline{\ensuremath{\nu}}$},
  author = {Sakaki, Yasuhito and Watanabe, Ryoutaro and Tanaka, Minoru and Tayduganov, Andrey},
  journal = {Phys. Rev. D},
  volume = {88},
  issue = {9},
  pages = {094012},
  numpages = {17},
  year = {2013},
  month = {Nov},
  publisher = {American Physical Society},
  doi = {10.1103/PhysRevD.88.094012},
  url = {https://link.aps.org/doi/10.1103/PhysRevD.88.094012}
}

@article{Agashe:2014kda,
      author         = "Olive, K. A. and others",
      title          = "{Review of Particle Physics}",
      collaboration  = "Particle Data Group",
      journal        = "Chin. Phys.",
      volume         = "C38",
      year           = "2014",
      pages          = "090001",
      doi            = "10.1088/1674-1137/38/9/090001",
      SLACcitation   = "%%CITATION = CHPHD,C38,090001;%%"
}

@book{griffiths2008introduction,
  title={Introduction to Elementary Particles},
  author={Griffiths, D.},
  isbn={9783527618477},
  series={Physics textbook},
  url={https://books.google.de/books?id=Wb9DYrjcoKAC},
  year={2008},
  publisher={Wiley}
}

@Article{Hiller2016,
author="Hiller, Gudrun
and Loose, Dennis
and Sch{\"o}nwald, Kay",
title="Leptoquark flavor patterns {\&} B decay anomalies",
journal="Journal of High Energy Physics",
year="2016",
month="Dec",
day="07",
volume="2016",
number="12",
pages="27",
abstract="Flavor symmetries that explain masses and mixings of the standard model fermions dictate flavor patterns for the couplings of scalar and vector leptoquarks to the standard model fermions. A generic feature is that couplings to SU(2)-doublet leptons are suppressed at least by one spurion of the discrete non-abelian symmetry breaking, responsible for neutrino mixing, while couplings to charged lepton singlets can be order one. We obtain testable patterns including those that predominantly couple to a single lepton flavor, or two, or in a skewed way. They induce lepton non-universality, which we contrast to current anomalies in B-decays. We find maximal effects in R                                                  D                 and                                                                                                                                                                       R                          D                                                                                                    ∗                                                                                                      {\$}{\$} {\{}R{\_}D{\}}{\_}{\{}{\{}{\}}^{\{}{\backslash}ast {\}}{\}} {\$}{\$}                 at the level of ∼10 percent and few percent, respectively, while leptoquark effects in                                                                                                                                                                       R                          K                                                                                                                                ∗                                                                                                                                {\$}{\$} {\{}R{\_}K{\}}{\_}{\{}{\{}{\}}^{\{}{\backslash}left({\backslash}ast {\backslash}right){\}}{\}} {\$}{\$}                 can reach order few{\texttimes}10 percent. Predictions for charm and kaon decays and $\mu$ − e conversion are worked out.",
issn="1029-8479",
doi="10.1007/JHEP12(2016)027",
url="http://dx.doi.org/10.1007/JHEP12(2016)027"
}
